<?xml version="1.0" encoding="UTF-8"?><collection xmlns="http://www.loc.gov/MARC21/slim"><record><leader>00551nam--2200169-i-4500</leader><controlfield tag="001">000019765</controlfield><controlfield tag="002">20161230</controlfield><controlfield tag="005">20161230201033</controlfield><controlfield tag="008">060222s1000------------r-----000-0-fre-d</controlfield><datafield ind1=" " ind2=" " tag="041"><subfield code="a">fre</subfield></datafield><datafield ind1=" " ind2=" " tag="080"><subfield code="a">533.951(043)</subfield></datafield><datafield ind1="1" ind2=" " tag="100"><subfield code="a">Duclaoux, Yves</subfield></datafield><datafield ind1="1" ind2="0" tag="245"><subfield code="a">Simulation numerique lagrangienne des phenomenes consecutifs a l'excitation dans un plasma d'une onde de tres grande amplitude</subfield><subfield code="b">These</subfield><subfield code="c">Yves duclation</subfield></datafield><datafield ind1=" " ind2=" " tag="260"><subfield code="a">Grenoble</subfield><subfield code="b">Universite Scientifique Et Medicale</subfield><subfield code="c">1976</subfield></datafield><datafield ind1=" " ind2=" " tag="300"><subfield code="a">89 P</subfield></datafield><datafield ind1=" " ind2=" " tag="852"><subfield code="a">46446</subfield><subfield code="c">533.9</subfield></datafield><datafield ind1=" " ind2=" " tag="CAT"><subfield code="a">Sys</subfield><subfield code="c">20110117</subfield><subfield code="h">083359</subfield></datafield></record></collection>